<?xml version="1.0" encoding="UTF-8"?><collection xmlns="http://www.loc.gov/MARC21/slim"><record><leader>00695nam--2200205-i-4500</leader><controlfield tag="001">000001573</controlfield><controlfield tag="002">20161230</controlfield><controlfield tag="005">20161230201024</controlfield><controlfield tag="008">060222s1000------------r-----000-0-fre-d</controlfield><datafield ind1=" " ind2=" " tag="040"><subfield code="a">IFIN-HH</subfield></datafield><datafield ind1=" " ind2=" " tag="041"><subfield code="a">fre</subfield></datafield><datafield ind1=" " ind2=" " tag="080"><subfield code="a">533.6.011</subfield></datafield><datafield ind1="1" ind2=" " tag="100"><subfield code="a">Godounov, S</subfield></datafield><datafield ind1="1" ind2=" " tag="245"><subfield code="a">Resolution numerique des problemes multidimensionnels de la dynamique de gaz</subfield><subfield code="b">Traduit du russe par valentin platonov</subfield><subfield code="c">S. Godounov, A. Zabrodine, M. Ivanov, A. Kraiko, G. Prokopov</subfield></datafield><datafield ind1=" " ind2=" " tag="260"><subfield code="a">Moscou, Editions Mir, 1979</subfield></datafield><datafield ind1=" " ind2=" " tag="300"><subfield code="a">414 P</subfield></datafield><datafield ind1=" " ind2=" " tag="500"><subfield code="a">Tit. orig. in lb. rusa: Ceislannoe resenie mnogomernih zadaci gazovoi dinamiki</subfield></datafield><datafield ind1="1" ind2=" " tag="700"><subfield code="a">Prokopov, G</subfield></datafield><datafield ind1=" " ind2=" " tag="852"><subfield code="a">47191</subfield><subfield code="c">532</subfield></datafield><datafield ind1=" " ind2=" " tag="CAT"><subfield code="a">Sys</subfield><subfield code="c">20100721</subfield><subfield code="h">151407</subfield></datafield></record></collection>